@inproceedings{Rondon2008,
 author = {Rondon, Patrick M. and Kawaguci, Ming and Jhala, Ranjit},
 title = {Liquid types},
 booktitle = {Proceedings of the 2008 ACM SIGPLAN conference on Programming language design and implementation},
 series = {PLDI '08},
 year = {2008},
 isbn = {978-1-59593-860-2},
 location = {Tucson, AZ, USA},
 pages = {159--169},
 numpages = {11},
 url = {http://doi.acm.org/10.1145/1375581.1375602},
 doi = {10.1145/1375581.1375602},
 acmid = {1375602},
 publisher = {ACM},
 address = {New York, NY, USA},
 keywords = {dependent types, hindley-milner, predicate abstraction, type inference},
}

@misc{Z3,
  author = {Microsoft},
  title = {{Z3: Theorem prover}},
  howpublished = "\url{http://research.microsoft.com/en-us/um/redmond/projects/z3/}",
  year = {2012}, 
  note = "[Online; accessed 10-May-2012]"
}

@misc{Coq,
  title = {{Coq: Theorem prover}},
  howpublished = "\url{http://coq.inria.fr/}",
  year = {2012}, 
  note = "[Online; accessed 15-June-2012]"
}


@INPROCEEDINGS{ScalaZ3,
  author = {{Ali Sinan} K{\"o}ksal and Viktor Kuncak and Philippe Suter},
  title = {Scala to the Power of {Z3}: Integrating {SMT} and Programming},
  booktitle = {Computer-Aideded Deduction (CADE) Tool Demo},
  year = 2011,
  localurl = {http://lara.epfl.ch/~kuncak/papers/KoeksalETAL11ScalaZ3.pdf}
}

@inproceedings{Godefroid2005,
 author = {Godefroid, Patrice and Klarlund, Nils and Sen, Koushik},
 title = {DART: directed automated random testing},
 booktitle = {Proceedings of the 2005 ACM SIGPLAN conference on Programming language design and implementation},
 series = {PLDI '05},
 year = {2005},
 isbn = {1-59593-056-6},
 location = {Chicago, IL, USA},
 pages = {213--223},
 numpages = {11},
 url = {http://doi.acm.org/10.1145/1065010.1065036},
 doi = {10.1145/1065010.1065036},
 acmid = {1065036},
 publisher = {ACM},
 address = {New York, NY, USA},
 keywords = {automated test generation, interfaces, program verification, random testing, software testing},
} 

@inproceedings{Sen2005,
 author = {Sen, Koushik and Marinov, Darko and Agha, Gul},
 title = {CUTE: a concolic unit testing engine for C},
 booktitle = {Proceedings of the 10th European software engineering conference held jointly with 13th ACM SIGSOFT international symposium on Foundations of software engineering},
 series = {ESEC/FSE-13},
 year = {2005},
 isbn = {1-59593-014-0},
 location = {Lisbon, Portugal},
 pages = {263--272},
 numpages = {10},
 url = {http://doi.acm.org/10.1145/1081706.1081750},
 doi = {10.1145/1081706.1081750},
 acmid = {1081750},
 publisher = {ACM},
 address = {New York, NY, USA},
 keywords = {concolic testing, data structure testing, explicit path model-checking, random testing, testing C programs, unit testing},
} 